@comment{x-kbibtex-personnameformatting=<%l><, %f>}

@phdthesis{KleinG,
	author = "Klein, Georg",
	howpublished = "\url{http://www.robots.ox.ac.uk/~gk/publications/Klein2006Thesis.pdf}",
	institution = "Univerty of Cambridge",
	title = "{Visual Tracking for
Augmented Reality}"
}

@article{rvc,
	author = "Milgram, Paul and Takemura, Haruo and Utsumi, Akira and Kishino, Fumio",
	howpublished = "\url{http://etclab.mie.utoronto.ca/publication/1994/Milgram\_Takemura\_SPIE1994.pdf}",
	institution = "ATR Communication Systems Research Laboratories",
	location = "Kyoto",
	title = "{Augmented Reality: A class of displays on the reality-virtuality continuum}"
}

@book{ARTuP,
	author = "Mehler-Bicher, Anett and Rei{\ss}, Michael and Steiger, Lothar",
	isbn = "978-3-486-59837-7",
	publisher = "Oldenbourg Verlag",
	title = "{Augmented Reality Theorie und Praxis}",
	year = "2011"
}

